@article{henry,
  author    = "Matthew D. Henry and John L. Turner",
  title     = "The Court of Appeals for the Federal Circuitâ€™s Impact on Patent Litigation",
  journal = "35 Journal Legal Studies",
  year      = 2006,
}

@book{nard,
  author	= "Craig Allen Nard",
  title		= "The law of patents",
  publisher	= "Wolters Kluwer Law & Business",
  year		= 2008,
}

@artcile{macleod
  author	= "Christine MacLeod and Alessandro Nuvolari",
  title		= "Patents and Industrialisation - An Historical Overview of the British Case, 1624-1907"

}

@book{macleod2
  author	= "Christine MacLeod",
  title		= "INVENTING THE INDUSTRIAL REVOLUTION: THE ENGLISH PATENT SYSTEM 1660-1800",
  publisher = "Cambridge University Press",
  year		= 1988,
  }

@book{bracha
  author	= "Oren Bracha",
  title		= "Owning Ides: A History of Angle-American Intellectual Property",
  publisher	= "S.J.D. Dissertion, Harvard Law School",
  year		= 2005,
}

@book{blackstone
  author	= "Sir William Blackstone",
  title 	= "Commentaries on the Laws of England, vol 1",
  publisher	= "J. B. Lippincott Company",
  year		= "1765"
}